@article{fegaras00optimizing,
  author = "Leonidas Fegaras and David Maier",
  title = "Optimizing object queries using an effective calculus",
  journal = "ACM Transactions on Database Systems",
  volume = "25",
  number = "4",
  pages = "457--516",
  year = "2000",
  url = "citeseer.ist.psu.edu/fegaras98optimizing.html" 
}

@incollection{for-monad,
  author = "T. Grust",
  title = "Monad Comprehensions: A Versatile Representation for Queries",
  booktitle = "The Functional Approach to Data Management - Modeling, Analyzing and Integrating Heterogeneous Data",
  chapter = 10,
  note = "ISBN 3-540-00375-4",
  publisher = "Springer Verlag",
  year= "2003",
  url = "citeseer.ist.psu.edu/640541.html" 
}

@techreport{ hutton96monadic,
    author = "Graham Hutton and Erik Meijer",
    title = "Monadic Parser Combinators",
    number = "NOTTCS-TR-96-4",
    year = "1996",
    url = "citeseer.ist.psu.edu/article/hutton96monadic.html" }
    
@incollection{fegaras96revisiting,
    author = "Leonidas Fegaras and Tim Sheard",
    title = "Revisiting Catamorphisms over Datatypes with Embedded Functions (or, Programs from Outer Space)",
    booktitle = "Conf.\ Record 23rd {ACM} {SIGPLAN}/{SIGACT} Symp.\ on Principles of Programming Languages, {POPL}'96, St.~Petersburg Beach, {FL}, {USA}, 21--24 Jan.\ 1996",
    publisher = "ACM Press",
    address = "New York",
    pages = "284--294",
    year = "1996",
    url = "citeseer.ist.psu.edu/fegaras96revisiting.html"}
    
@inproceedings{wadler93monads,
    author = "Philip Wadler",
    title = "Monads for functional programming",
    booktitle = "Program Design Calculi: Proceedings of the 1992 {M}arktoberdorf International Summer School",
    publisher = "Springer-Verlag",
    editor = "M.~Broy",
    year = "1993",
    url = "citeseer.ist.psu.edu/wadler95monads.html"}
    
@inproceedings{ wadler90comprehending,
    author = "P. L. Wadler",
    title = "Comprehending Monads",
    booktitle = "Proceedings of the 1990 {ACM} Conference on {LISP} and Functional Programming, Nice",
    publisher = "ACM",
    address = "New York, NY",
    pages = "61--78",
    year = "1990",
    url = "citeseer.ist.psu.edu/wadler92comprehending.html" }
    
@inproceedings{ wadler92essence,
    author = "Philip Wadler",
    title = "The Essence of Functional Programming",
    booktitle = "Conference Record of the Nineteenth Annual {ACM} {SIGPLAN}-{SIGACT} Symposium on Principles of Programming Languages",
    address = "Albequerque, New Mexico",
    pages = "1--14",
    year = "1992",
    url = "citeseer.ist.psu.edu/wadler92essence.html" }

@inproceedings{ jones-tackling,
  author = "Simon Peyton-Jones",
  title = "Tackling the Awkward Squad: monadic input/output, concurrency, exceptions,
    and foreign-language calls in Haskell",
  booktitle = "Engineering theories
    of software construction, Marktoberdorf Summer School",
    year = "2002",
  url = "citeseer.ist.psu.edu/peytonjones02tackling.html" }
  
@misc{A26,
  title="Sloan sequence A007526",
  howpublished="http://www.research.att.com/projects/OEIS?Anum=A007526
"}  

@misc{A22,
  title="Sloan sequence A000522",
  howpublished="http://www.research.att.com/projects/OEIS?Anum=A000522
"}  

@misc{A40,
  title="Sloan sequence A033540",
  howpublished="http://www.research.att.com/projects/OEIS?Anum=A033540
"}  


@misc{OEIS,
  title="Online Encyclopedia of Integer Sequences",
  howpublished="http://www.research.att.com/~njas/sequences/"}
  
@book{arrows,
  author="Michael A. Arbib and Ernest G. Manes",
  title="Arrows, Structures, and Functors: The Categorical Imperative",
  publisher="Academic Press",
  year="1975"
}

@incollection{ meijer95merging,
    author = "Erik Meijer and Johan Jeuring",
    title = "Merging Monads and Folds for Functional Programming",
    booktitle = "Tutorial Text 1st Int.\ Spring School on Advanced Functional Programming Techniques, B{\aa}stad, Sweden, 24--30 May 1995",
    volume = "925",
    publisher = "Springer-Verlag",
    address = "Berlin",
    editor = "J. Jeuring and E. Meijer",
    pages = "228--266",
    year = "1995",
    url = "citeseer.ist.psu.edu/meijer95merging.html" }
    
@misc{babel,
  title="The Library of Babel",
  howpublished="http://en.wikipedia.org/wiki/The\_Library\_of\_Babel"}
  
@misc{haskellsite,
  title="Haskell language web site",
  howpublished="http://www.haskell.org"}
  
@techreport{ fokkinga94monadic,
    author = "Maarten M. Fokkinga",
    title = "Monadic Maps and Folds for Arbitrary Datatypes",
    number = "94-28",
    year = "1994",
    url = "citeseer.ist.psu.edu/fokkinga94monadic.html" }
    
@article{ hutton99tutorial,
    author = "Graham Hutton",
    title = "A Tutorial on the Universality and Expressiveness of Fold",
    journal = "Journal of Functional Programming",
    volume = "9",
    number = "4",
    pages = "355-372",
    year = "1999",
    url = "citeseer.ist.psu.edu/hutton93tutorial.html" }